<record><leader>00000cas a22000007a 4500</leader><controlfield tag="001">9709644</controlfield><controlfield tag="008">830716d18791898ohudr ne      0    0eng d</controlfield><datafield ind1=" " ind2=" " tag="010"><subfield code="a">sn 83035354 </subfield></datafield><datafield ind1=" " ind2=" " tag="040"><subfield code="a">NPY</subfield><subfield code="b">eng</subfield><subfield code="c">NPY</subfield><subfield code="d">ONP</subfield><subfield code="d">OCLCQ</subfield></datafield><datafield ind1=" " ind2=" " tag="042"><subfield code="a">msc</subfield></datafield><datafield ind1="0" ind2=" " tag="130"><subfield code="a">Hamilton daily news (Hamilton, Ohio : 1879)</subfield></datafield><datafield ind1="1" ind2="0" tag="245"><subfield code="a">Hamilton daily news.</subfield></datafield><datafield ind1=" " ind2=" " tag="260"><subfield code="a">Hamilton [Ohio] :</subfield><subfield code="b">C.M. Campbell,</subfield><subfield code="c">1879-</subfield></datafield><datafield ind1=" " ind2=" " tag="300"><subfield code="a">v.</subfield></datafield><datafield ind1=" " ind2=" " tag="310"><subfield code="a">Daily</subfield></datafield><datafield ind1="0" ind2=" " tag="362"><subfield code="a">Vol. 1, no. 1 (Dec. 22, 1879)-</subfield></datafield><datafield ind1="1" ind2=" " tag="362"><subfield code="a">Ceased in Mar. 1898.</subfield></datafield><datafield ind1=" " ind2=" " tag="500"><subfield code="a">"Republican."</subfield></datafield><datafield ind1=" " ind2=" " tag="500"><subfield code="a">Publisher varies.</subfield></datafield><datafield ind1=" " ind2=" " tag="752"><subfield code="a">United States</subfield><subfield code="b">Ohio</subfield><subfield code="c">Butler</subfield><subfield code="d">Hamilton.</subfield></datafield><datafield ind1="0" ind2="7" tag="785"><subfield code="t">Hamilton daily Republican</subfield><subfield code="w">(DLC)sn 83035353</subfield></datafield><datafield ind1="0" ind2="7" tag="785"><subfield code="t">Daily Republican-news</subfield><subfield code="w">(DLC)sn 83035355</subfield></datafield></record>